@Electronic{robes,
    author = {Maximilien Robespierre},
    month = jun,
    year = {1789},
    title = {{Perdre sa T\^ete}},
    language = {French},
    howpublished = {Blog Post},
    organization = {Anarchy, Inc.},
    address = {Paris},
    note = {Heads must roll!},
    url = {https://guillotine.net},
}
